@article{ZAU10,
	author = {Christop Zauner},
	title = {Implementation and Benchmarking of Perceptual Image Hash Functions},
	year = {2010}
}

@article{MAR95,
	author = {Jerome Martin and James L. Crowley},
	title = {Comparison of Correlation Techniques},
	year = {1995}
}

@article{DITT15,
	author = {Jana Dittmann and Christian Kraetzer and Claus Vielhauer},
	title = {Perceptual Hashing},
	year = {2015}
}

@online{DRA,
	author = {Drakos,N. and Moore,R},
	title = {Definition of DCT},
	date = {2015},
	month = {June},
	day = {29},
	url = {http://fourier.eng.hmc.edu/e161/lectures/dct/node1.html},
}

@online{PHASH,
	author = {Evan Klinger and David Starkweather},
	title = {pHash, The open source perceptual hash library},
	date = {2015},
	month = {June},
	day = {29},
	url = {http://phash.org/},
}